@ARTICLE{2021A&A...654A.113B,
       author = {{Bach}, Yoonsoo P. and {Ishiguro}, Masateru},
        title = "{Thermal radiation pressure as a possible mechanism for losing small particles on asteroids}",
      journal = {Astron. Astrophys.},
     keywords = {minor planets, asteroids: general, asteroids: individual: 3200 Phaethon, meteorites, meteors, meteoroids, interplanetary medium, Astrophysics - Earth and Planetary Astrophysics},
         year = 2021,
        month = oct,
       volume = {654},
          eid = {A113},
        pages = {A113},
          doi = {10.1051/0004-6361/202040151},
archivePrefix = {arXiv},
       eprint = {2108.03898},
 primaryClass = {astro-ph.EP},
       adsurl = {https://ui.adsabs.harvard.edu/abs/2021A&A...654A.113B},
      adsnote = {Provided by the SAO/NASA Astrophysics Data System}
}

@ARTICLE{2017AJ....154..202B,
       author = {{Bach}, Yoonsoo P. and {Ishiguro}, Masateru and {Usui}, Fumihiko},
        title = "{Thermal Modeling of Comet-like Objects from AKARI Observation}",
      journal = {Astron. J.},
     keywords = {comets: individual (P/2006 HR30 (Siding Spring)), minor planets, asteroids: individual (107P/(4015) Wilson-Harrington), Astrophysics - Earth and Planetary Astrophysics},
         year = 2017,
        month = nov,
       volume = {154},
       number = {5},
          eid = {202},
        pages = {202},
          doi = {10.3847/1538-3881/aa8dfe},
archivePrefix = {arXiv},
       eprint = {1709.06292},
 primaryClass = {astro-ph.EP},
       adsurl = {https://ui.adsabs.harvard.edu/abs/2017AJ....154..202B},
      adsnote = {Provided by the SAO/NASA Astrophysics Data System}
}

@ARTICLE{2019JKAS...52...71B,
       author = {{Bach}, Yoonsoo P. and {Ishiguro}, Masateru and {Jin}, Sunho and {Yang}, Hongu and {Moon}, Hong-Kyu and {Choi}, Young-Jun and {JeongAhn}, Youngmin and {Kim}, Myung-Jin and {Kwak}, SungWon},
        title = "{The Geometric Albedo of (4179) Toutatis Estimated from KMTNet DEEP-South Observations}",
      journal = {J. Korean Astron. Soc.},
     keywords = {minor planets, asteroids: general, asteroids: individual: (4179) Toutatis, Astrophysics - Earth and Planetary Astrophysics},
         year = 2019,
        month = jun,
       volume = {52},
       number = {3},
        pages = {71-82},
          doi = {10.5303/JKAS.2019.52.3.71},
archivePrefix = {arXiv},
       eprint = {1905.08576},
 primaryClass = {astro-ph.EP},
       adsurl = {https://ui.adsabs.harvard.edu/abs/2019JKAS...52...71B},
      adsnote = {Provided by the SAO/NASA Astrophysics Data System}
}
@ARTICLE{2022_SAG_NICpolpy,
       author = {{Bach}, Yoonsoo P. and {Ishiguro}, Masateru and {Takahashi}, Jun and {Geem}, Jooyeon},
        title = "{Data Reduction Process and Pipeline for the NIC Polarimetry Mode in Python, NICpolpy}",
      journal = {Stars Galaxies (arxiv:2212.14167)},
     keywords = {methods: data analysis, methods: observational, techniques: image processing, techniques: polarimetric},
         year = 2022,
        month = dec,
       volume = {5},
          eid = {4},
        pages = {4},
archivePrefix = {arXiv},
       eprint = {2212.14167},
 primaryClass = {astro-ph.IM},
       adsurl = {https://ui.adsabs.harvard.edu/abs/2022arXiv221214167B},
      adsnote = {}
}

@ARTICLE{Ishiguro2011ARNHAO,
       author = {{Ishiguro}, M. and {Takahashi}, J. and {Zenno}, T. and {Tokimasa}, N. and {Kuroda}, T.},
        title = "{Performance Evaluation of the NHAO Near-Infrared Camera}",
      journal = {Annu. Rep Nishi-harima Astron Ob},
     keywords = {science instrument, near-infrared, performance, photometry},
         year = 2011,
        month = dec,
       volume = {521},
       number = {},
        pages = {13-42},
       adsurl = {},
      adsnote = {}
}

@ARTICLE{2022MNRAS.509.4128I,
       author = {{Ishiguro}, Masateru and {Bach}, Yoonsoo P. and {Geem}, Jooyeon and {Naito}, Hiroyuki and {Kuroda}, Daisuke and {Im}, Myungshin and {Lee}, Myung Gyoon and {Seo}, Jinguk and {Jin}, Sunho and {Kwon}, Yuna G. and {Oono}, Tatsuharu and {Takagi}, Seiko and {Sato}, Mitsuteru and {Kuramoto}, Kiyoshi and {Ito}, Takashi and {Hasegawa}, Sunao and {Yoshida}, Fumi and {Arai}, Tomoko and {Akitaya}, Hiroshi and {Sekiguchi}, Tomohiko and {Okazaki}, Ryo and {Imai}, Masataka and {Ohtsuka}, Katsuhito and {Watanabe}, Makoto and {Takahashi}, Jun and {Devog{\`e}le}, Maxime and {Fedorets}, Grigori and {Siltala}, Lauri and {Granvik}, Mikael},
        title = "{Polarimetric properties of the near-Sun asteroid (155140) 2005 UD in comparison with other asteroids and meteoritic samples}",
      journal = {Mon. Not. R. Astron. Soc.},
     keywords = {techniques: photometric, techniques: polarimetric, minor planets, asteroids: individual: (3200) Phaethon, 2005 UD, Astrophysics - Earth and Planetary Astrophysics},
         year = 2022,
        month = jan,
       volume = {509},
       number = {3},
        pages = {4128-4142},
          doi = {10.1093/mnras/stab3198},
archivePrefix = {arXiv},
       eprint = {2111.00152},
 primaryClass = {astro-ph.EP},
       adsurl = {https://ui.adsabs.harvard.edu/abs/2022MNRAS.509.4128I},
      adsnote = {Provided by the SAO/NASA Astrophysics Data System}
}
